

@book{haspelmath2005world,
  title={The world atlas of language structures},
  author={Haspelmath, Martin},
  year={2005},
  publisher={Oxford University Press}
}

@article{levenshtein1965,
    author = {В.И. Левенштейн},
    year = {1965},
    title = {Двоичные коды с исправлением выпадений,
        вставок и замещений символов},
    journal = {Доклады Академий Наук СCCP},
    volume = {163},
    number = {4},
    pages = {845–848},
}


@misc{omorfi,
 title = {Open morphology of Finnish},
 author = {Pirinen, Tommi A and Listenmaa, Inari and Johnson, Ryan and Tyers, Francis M. and Kuokkala, Juha},
 url = {http://hdl.handle.net/11372/LRT-1992},
 note = {{LINDAT}/{CLARIN} digital library at the Institute of Formal and Applied Linguistics, Charles University},
 copyright = {{GNU} General Public Licence, version 3},
 year = {2017}
}


